<record><leader>00000cas a22000007a 4500</leader><controlfield tag="001">29960872</controlfield><controlfield tag="008">940314d194u1953nyuwr ne      0    0eng d</controlfield><datafield ind1=" " ind2=" " tag="010"><subfield code="a">sn 94057711 </subfield></datafield><datafield ind1=" " ind2=" " tag="040"><subfield code="a">NYS</subfield><subfield code="b">eng</subfield><subfield code="c">NYS</subfield><subfield code="d">OCLCQ</subfield><subfield code="d">OCLCF</subfield><subfield code="d">OCLCO</subfield></datafield><datafield ind1=" " ind2=" " tag="042"><subfield code="a">msc</subfield></datafield><datafield ind1=" " ind2=" " tag="043"><subfield code="a">n-us-ny</subfield></datafield><datafield ind1="0" ind2=" " tag="130"><subfield code="a">On the St. Lawrence (Carthage, N.Y.)</subfield></datafield><datafield ind1="1" ind2="0" tag="245"><subfield code="a">On the St. Lawrence.</subfield></datafield><datafield ind1="3" ind2="0" tag="246"><subfield code="a">On the Saint Lawrence</subfield></datafield><datafield ind1="1" ind2="7" tag="246"><subfield code="a">On the St. Lawrence, Clayton, N.Y.</subfield></datafield><datafield ind1="3" ind2="0" tag="246"><subfield code="a">On the Saint Lawrence, Clayton, N.Y.</subfield></datafield><datafield ind1=" " ind2=" " tag="260"><subfield code="a">Carthage, N.Y. :</subfield><subfield code="b">Mrs. Floyd J. Rich</subfield></datafield><datafield ind1=" " ind2=" " tag="300"><subfield code="a">v.</subfield></datafield><datafield ind1=" " ind2=" " tag="310"><subfield code="a">Weekly</subfield></datafield><datafield ind1="1" ind2=" " tag="362"><subfield code="a">Ceased in Mar. 1953?</subfield></datafield><datafield ind1=" " ind2=" " tag="500"><subfield code="a">Published by: Carthage Republican Tribune, &lt;1945&gt;.</subfield></datafield><datafield ind1=" " ind2=" " tag="588"><subfield code="a">Description based on: Vol. 98, no. 38 (June 10, 1943).</subfield></datafield><datafield ind1=" " ind2=" " tag="588"><subfield code="a">Latest issue consulted: Vol. 120, no. 16 (Feb. 27, 1953).</subfield></datafield><datafield ind1=" " ind2="0" tag="651"><subfield code="a">Carthage (N.Y.)</subfield><subfield code="v">Newspapers.</subfield></datafield><datafield ind1=" " ind2="0" tag="651"><subfield code="a">Clayton (N.Y.)</subfield><subfield code="v">Newspapers.</subfield></datafield><datafield ind1=" " ind2="0" tag="651"><subfield code="a">Jefferson County (N.Y.)</subfield><subfield code="v">Newspapers.</subfield></datafield><datafield ind1=" " ind2="7" tag="655"><subfield code="a">Newspapers.</subfield><subfield code="2">fast</subfield><subfield code="0">(OCoLC)fst01423814</subfield></datafield><datafield ind1=" " ind2="7" tag="651"><subfield code="a">New York (State)</subfield><subfield code="z">Carthage.</subfield><subfield code="2">fast</subfield><subfield code="0">(OCoLC)fst01232977</subfield></datafield><datafield ind1=" " ind2="7" tag="651"><subfield code="a">New York (State)</subfield><subfield code="z">Clayton.</subfield><subfield code="2">fast</subfield><subfield code="0">(OCoLC)fst01230413</subfield></datafield><datafield ind1=" " ind2="7" tag="651"><subfield code="a">New York (State)</subfield><subfield code="z">Jefferson County.</subfield><subfield code="2">fast</subfield><subfield code="0">(OCoLC)fst01209430</subfield></datafield><datafield ind1=" " ind2=" " tag="752"><subfield code="a">United States</subfield><subfield code="b">New York</subfield><subfield code="c">Jefferson</subfield><subfield code="d">Carthage.</subfield></datafield><datafield ind1=" " ind2=" " tag="752"><subfield code="a">United States</subfield><subfield code="b">New York</subfield><subfield code="c">Jefferson</subfield><subfield code="d">Clayton.</subfield></datafield><datafield ind1="0" ind2="0" tag="780"><subfield code="t">On the St. Lawrence and Clayton independent</subfield><subfield code="w">(DLC)sn 87070153</subfield><subfield code="w">(OCoLC)16573040</subfield></datafield><datafield ind1="0" ind2="7" tag="785"><subfield code="t">Thousand Island sun</subfield><subfield code="w">(DLC)sn 89071101</subfield><subfield code="w">(OCoLC)19070506</subfield></datafield><datafield ind1="0" ind2="7" tag="785"><subfield code="t">Thousand Islands sun and On the St. Lawrence</subfield><subfield code="w">(DLC)sn 92061731</subfield><subfield code="w">(OCoLC)25104593</subfield></datafield></record>